<?xml version="1.0" encoding="UTF-8"?>
<record xmlns="http://www.loc.gov/MARC21/slim" xmlns:xsi="http://www.w3.org/2001/XMLSchema-instance"
	xsi:schemaLocation="http://www.loc.gov/MARC21/slim
                                   http://www.loc.gov/standards/marcxml/schema/MARC21slim.xsd">
	<leader>     nam a22      i 4500</leader>
	<controlfield tag="001">CSIC000927879</controlfield>
	<controlfield tag="008">010918nuuuu    esp           000 0 spa d</controlfield>
	<datafield tag="040" ind1=" " ind2=" ">
		<subfield code="a">ES-MaCSI</subfield>
		<subfield code="b">spa</subfield>
	</datafield>
	<datafield tag="245" ind1="1" ind2="3">
		<subfield code="a">La renegada de Valladolid :</subfield>
		<subfield code="b">primera parte.</subfield>
	</datafield>
	<datafield tag="260" ind1=" " ind2=" ">
		<subfield code="a">[Barcelona :</subfield>
		<subfield code="b">s.n.,</subfield>
		<subfield code="c">s.a.].</subfield>
	</datafield>
	<datafield tag="300" ind1=" " ind2=" ">
		<subfield code="a">4 p. ;</subfield>
		<subfield code="c">23 cm.</subfield>
	</datafield>
	<datafield tag="490" ind1="1" ind2=" ">
		<subfield code="a">Pliegos de cordel. El Abanico</subfield>
	</datafield>
	<datafield tag="830" ind1=" " ind2="0">
		<subfield code="a">Pliegos de cordel. El Abanico</subfield>
	</datafield>
	<datafield tag="852" ind1=" " ind2=" ">
		<subfield code="a">MAD01</subfield>
		<subfield code="b">M-CCHS</subfield>
		<subfield code="c">Colecciones bibliográficas indivisibles</subfield>
		<subfield code="h">FL COL PLIEGOS/21/1</subfield>
		<subfield code="p">100267</subfield>
		<subfield code="3">BOOK</subfield>
	</datafield>
</record>